<record><leader>00000cas a2200000 a 4500</leader><controlfield tag="001">22289140</controlfield><controlfield tag="008">900828c1uuu9999iluwr ne      0    0eng c</controlfield><datafield ind1=" " ind2=" " tag="010"><subfield code="a">sn 90054608 </subfield></datafield><datafield ind1=" " ind2=" " tag="040"><subfield code="a">NVF</subfield><subfield code="b">eng</subfield><subfield code="c">NVF</subfield><subfield code="d">NVF</subfield><subfield code="d">OCLCQ</subfield><subfield code="d">OCLCF</subfield><subfield code="d">OCLCO</subfield></datafield><datafield ind1="1" ind2=" " tag="029"><subfield code="a">AU@</subfield><subfield code="b">000020597389</subfield></datafield><datafield ind1=" " ind2=" " tag="042"><subfield code="a">pcc</subfield></datafield><datafield ind1=" " ind2=" " tag="043"><subfield code="a">n-us-il</subfield></datafield><datafield ind1="0" ind2=" " tag="130"><subfield code="a">Washburn leader (Washburn, Ill.)</subfield></datafield><datafield ind1="1" ind2="4" tag="245"><subfield code="a">The Washburn leader.</subfield></datafield><datafield ind1="1" ind2="7" tag="246"><subfield code="a">Washburn leader and Varna leader</subfield><subfield code="f">July 10, 1919-Aug. 19, 1920</subfield></datafield><datafield ind1=" " ind2=" " tag="260"><subfield code="a">Washburn, Woodford County, Ill. :</subfield><subfield code="b">J.H. Schultze</subfield></datafield><datafield ind1=" " ind2=" " tag="300"><subfield code="a">v.</subfield></datafield><datafield ind1=" " ind2=" " tag="310"><subfield code="a">Weekly</subfield></datafield><datafield ind1=" " ind2=" " tag="588"><subfield code="a">Description based on: Vol. 11, no. 39 (Jan. 30, 1902).</subfield></datafield><datafield ind1=" " ind2="0" tag="651"><subfield code="a">Washburn (Ill.)</subfield><subfield code="v">Newspapers.</subfield></datafield><datafield ind1=" " ind2="0" tag="651"><subfield code="a">Woodford County (Ill.)</subfield><subfield code="v">Newspapers.</subfield></datafield><datafield ind1=" " ind2="7" tag="655"><subfield code="a">Newspapers.</subfield><subfield code="2">fast</subfield><subfield code="0">(OCoLC)fst01423814</subfield></datafield><datafield ind1=" " ind2="7" tag="651"><subfield code="a">Illinois</subfield><subfield code="z">Washburn.</subfield><subfield code="2">fast</subfield><subfield code="0">(OCoLC)fst01294510</subfield></datafield><datafield ind1=" " ind2="7" tag="651"><subfield code="a">Illinois</subfield><subfield code="z">Woodford County.</subfield><subfield code="2">fast</subfield><subfield code="0">(OCoLC)fst01216313</subfield></datafield><datafield ind1=" " ind2=" " tag="752"><subfield code="a">United States</subfield><subfield code="b">Illinois</subfield><subfield code="c">Woodford</subfield><subfield code="d">Washburn.</subfield></datafield><datafield ind1="0" ind2=" " tag="775"><subfield code="t">Varna leader</subfield><subfield code="w">(DLC)sn 90054624</subfield><subfield code="w">(OCoLC)22468671</subfield></datafield></record>